	@online{1,
        title = {Should your 8-year-old learn coding?},
        year = {November 05 - 07, 2014},
        author = {Caitlin Duncan, Tim Bell, Steve Tanimoto},
        url = {https://dl.acm.org/citation.cfm?id=2670757.2670774}
    }
	
	@online{2,
    author    =  {Janet Mei-Chuen Lin, Long-Yuen Yen, Mei-Ching Yang, and Chiao-Fun Chen},
    title     =  { Teaching Computer Programming in Elementary Schools: A Pilot Study },
    url       =  {http://citeseerx.ist.psu.edu/viewdoc/download?doi=10.1.1.83.3706&rep=rep1&type=pdf}
}

	@online{3,
    author    =  {Étienne Gless},
    year = {17.01.2019},
    title     =  {Le Capes informatique en 2020, une reconnaissance et des défis},
    url       =  {https://www.letudiant.fr/educpros/actualite/le-capes-informatique-en-2020-une-reconnaissance-et-des-defis.html}
}

	@online{4,
    author    =  {Eric Charbonnier},
    year = {16 octobre 2012},
    title     =  {L’année scolaire dans le primaire est-elle trop chargée en France ?},
    url       =  {http://educationdechiffree.blog.lemonde.fr/2012/10/16/lannee-scolaire-dans-le-primaire-est-elle-trop-chargee-en-france/}
}

	@online{5,
    author    =  {Marie-Estelle Pech},
    year = {18/05/2016},
    title     =  {Un jeune sur dix en grande difficulté de lecture},
    url       =  {http://www.lefigaro.fr/actualite-france/2016/05/18/01016-20160518ARTFIG00247-un-jeune-sur-dix-en-grande-difficulte-de-lecture.php}
}

	@online{6,
    author    =  {France Info},
    year = {01/07/2014},
    title     =  {Les hommes et les femmes sont-ils égaux face aux mathématiques ?},
    url       =  {https://www.francetvinfo.fr/replay-radio/info-sciences/les-hommes-et-les-femmes-sont-ils-egaux-face-aux-mathematiques_1758325.html}
}

	@online{7,
    author    =  {Pascal Huguet},
    year = {2011},
    title     =  {Apprendre en groupe : La classe dans sa réalité sociale et émotionnelle},
    url       =  {https://www.cairn.info/apprendre-et-faire-apprendre--9782130583912-page-167.htm}
}

	@online{8,
    author    =  {BRENDAN KOERNER},
    year = {09.26.13},
    title     =  {FORGET FOREIGN LANGUAGES AND MUSIC. TEACH OUR KIDS TO CODE},
    url       =  {https://www.wired.com/2013/09/ap-code/}
}

	@online{9,
    author    =  {ERIK MISSIO},
    year = {JUNE 9, 2015},
    title     =  {Why Kids Should Learn To Code},
    url       =  {https://www.cbc.ca/parents/learning/view/why-kids-should-learn-to-code-and-how-to-get-them-started}
}

	@online{10,
    author    =  {Google},
    year = {4 décembre 2017},
    title     =  {Célébration du 50e anniversaire de l'encodage accessible aux enfants},
    url       =  {https://www.google.com/doodles/celebrating-50-years-of-kids-coding}
}

	@online{11,
    author    =  {Thomas Coëffé},
    year = {4 décembre 2017},
    title     =  {Google : un doodle pour les 50 ans du « codage accessible aux enfants »},
    url       =  {https://www.blogdumoderateur.com/google-doodle-4-decembre-2017/}
}

	@online{12,
    author    =  {Yann Dubois},
    year = {17 September 2010},
    title     =  {Apprendre la programmation aux enfants avec le langage Logo},
    url       =  {http://www.yann.com/fr/apprendre-la-programmation-aux-enfants-avec-le-langage-logo-17/09/2010.html}
}

	@online{13,
    author    =  {Richard D. Howell, Patrick B. Scott, Jeffrey Diamond},
    year = {May 1, 1987},
    title     =  {The Effects of “Instant” Logo Computing Language on the Cognitive Development of Very Young Children},
    url       =  {https://journals.sagepub.com/doi/abs/10.2190/A0QK-HB7A-RXQB-70NC}
}

	@online{14,
    author    =  {D. Midian Kurland, Roy D. Pea},
    year = {May 1, 1985},
    title     =  {Children's Mental Models of Recursive Logo Programs},
    url       =  {http://citeseerx.ist.psu.edu/viewdoc/download?doi=10.1.1.533.4513&rep=rep1&type=pdf}
}

	@online{15,
    url       =  {https://www.tortue-logo.fr/fr/tortue-logo}
}

	@online{16,
    url       =  {https://www.calormen.com/jslogo/}
}

	@online{17,
	title = {Stagecast Creator?},
	year = {6 juin 2018},
    url       =  {https://www.youtube.com/watch?v=45rInks64qc}
}

	@online{18,
	title = {Daft Punk - Aerodynamic with Sonic Pi},
	year = {27 janv. 2016},
    url       =  {https://www.youtube.com/watch?v=cydH_JAgSfg}
}

	@online{19,
	author = {Aaron, Samuel; Blackwell, Alan F.; Burnard, Pamela},
	title = {The development of Sonic Pi and its use in educational partnerships: Co-creating pedagogies for learning computer programming},
	year = {1 May 2016},
    url       =  {https://doi.org/10.1386/jmte.9.1.75_1}
}

	@online{20,
	author = {Aaron, Samuel},
	title = {Sonic Pi – performance in education, technology and art},
	year = {July 2016},
    url       =  {https://doi.org/10.1080/14794713.2016.1227593}
}

	@online{21,
	author = {Andrew Sorensen},
	title = {Andrew Sorensen Keynote: "The Concert Programmer" - OSCON 2014},
	year = {24 juil. 2014},
    url       =  {https://www.youtube.com/watch?v=yY1FSsUV-8c}
}

	@online{22,
    url       =  {https://www.youtube.com/channel/UCtC1NJ-tJnTxcH5cmaKEr2g/videos}
}

	@online{23,
	author = {Wanda Dann, Dennis Cosgrove, Don Slater, Dave Culyba},
	title = {Mediated Transfer: Alice 3 to Java},
	year = {February 2012},
    url       =  {http://www.alice.org/wp-content/uploads/2017/04/MediatedTransfer.pdf}
}

	@online{24,
	author = {	Barbara Moskal	Colorado School of Mines, Golden, CO
Deborah Lurie	Saint Joseph's University, Philadelphia, PA
Stephen Cooper	Saint Joseph's University, Philadelphia, PA
},
	title = {Evaluating the effectiveness of a new instructional approach},
	year = {2004},
    url       =  {http://www.alice.org/wp-content/uploads/2017/04/EvaluatingTheEffectivenessOfANewApproach.pdf}
}


	@online{25, 
	url = {https://education.francetv.fr/matiere/education-au-numerique/cm2/video/decouverte-de-la-plateforme-de-programmation-coder-un-jeu-sur-scratch-1-8}}
	
	@online{26,
	url = {https://eduscol.education.fr/maths/actualites/actualites/article/les-sujets-zero-du-dnb.html}}

	@online{27,
	author = {		David J. Malan	Harvard University, Cambridge, Massachusetts
Henry H. Leitner	Harvard University, Cambridge, Massachusetts
},
	title = {Scratch for budding computer scientists},
	year = {March 2007 },
    url       =  {https://dl.acm.org/citation.cfm?id=1227388}
}

	@online{28,
    author    =  {Fabrice Kordon},
	date      =  {14 novembre 2017},
    title     =  {Tri à la fête de la science},
    url       =  {https://www.youtube.com/watch?v=LolbClAsOBs}
}

@online{29,
author = {Bell, Timothy and Alexander, Jason and Freeman, Isaac and Grimley, Mick},
year = {2009},
month = {01},
pages = {},
title = {Computer Science Unplugged: school students doing real computing without computers},
volume = {13},
journal = {The New Zealand Journal of Applied Computing and Information Technology},
url = {https://www.researchgate.net/profile/Mick_Grimley/publication/266882704_Computer_Science_Unplugged_school_students_doing_real_computing_without_computers/links/55dd376a08ae83e420ee6246.pdf}
}

@online{30,
title = {Le projet CS Unplugged},
url = {https://csunplugged.org/en/}}

@online{31,
title = {Exemple de leçon : les bracelets binaires},
url = {https://www.youtube.com/watch?v=fDLkBqZpxWQ}}

@online{32,
title = {Exemple d'utilisation du Binazry Game en classe},
url = {https://www.youtube.com/watch?v=Wy6-FXtLMV8}}

@online{33,
title = {Site pour le jeu de l'erreur et detection},
url = {https://www.advanced-ict.info/javascript/card_flip.html}}

@online{34,
author = {Taub, Rivka and Armoni, Michal and Ben-Ari, Mordechai},
year = {2009},
title = {The effect of CS unplugged on middle-school students' views of CS},
doi = {10.1145/1562877.1562912}
}

@online{35,
author = {	Linda Werner	University of California, Santa Cruz, CA, USA
Shannon Campe	Education, Training, Research Associates, Scotts Valley, CA, USA
Jill Denner	Education, Training, Research Associates, Scotts Valley, CA, USA},
year = {March 03, 2012},
url = {https://dl.acm.org/citation.cfm?id=2157263},
title = {Children learning computer science concepts via Alice game-programming},
doi = {10.1145/2157136.2157263}
}

@online{36,
author = {Julian-Andrés Galindo, and Monserrate Intriago-Pazmino},
year = {NOVEMBER 2017},
url = {https://lajc.epn.edu.ec/index.php/LAJC/article/download/141/98},
title = {Children learning of programming: Learn-Play-Do
approach}
}

@online{37,
author = {Förster, Emmy-Charlotte and Foerster, Klaus-Tycho and Löwe, Thomas},
year = {2018},
month = {04},
pages = {1504-1513},
url = {https://ktfoerster.github.io/paper/2018-educon.pdf},
title = {Teaching programming skills in primary school mathematics classes: An evaluation using game programming},
doi = {10.1109/EDUCON.2018.8363411}
}

@online{38,
title = {CodeCombat},
url = {https://codecombat.com}}

@online{39,
title = {Exemple de jouets de codage pour enfants},
url = {https://www.reviewed.com/parenting/features/13-incredible-stem-toys-that-every-child-will-want}}

@online{40,
author = {Kumar, Deepak},
year = {2014},
month = {03},
pages = {20-21},
title = {Digital playgrounds for early computing education},
volume = {5},
journal = {ACM Inroads},
doi = {10.1145/2568195.2568200},
url = {https://www.researchgate.net/publication/262175270_Digital_playgrounds_for_early_computing_education}
}

@online{41,
title = {Mitamura, T., Suzuki, Y.,  Oohori, T. (2012). Serious games for learning programming languages. 2012 IEEE International Conference on Systems, Man, and Cybernetics (SMC). doi:10.1109/icsmc.2012.6378001}}

@online{42,
author = {Kazimoglu, Cagin and Kiernan, Mary and Bacon, Liz and Mackinnon, Lachlan},
year = {2012},
month = {12},
pages = {1991-1999},
title = {A Serious Game for Developing Computational Thinking and Learning Introductory Computer Programming},
volume = {47},
journal = {Procedia - Social and Behavioral Sciences},
doi = {10.1016/j.sbspro.2012.06.938}
}

@online{43,
title = {Muratet, M., Torguet, P., Jessel, J.-P.,  Viallet, F. (2009). Towards a Serious Game to Help Students Learn Computer Programming. International Journal of Computer Games Technology, 2009, 1–12. doi:10.1155/2009/470590}}

@online{44,
url = {http://www.techkidsacademy.com/}}

@online{45,
url = {https://ozobot.fr/}}

@online{46,
url = {https://blog.zenika.com/2018/07/16/sil-vous-plait-code-moi-un-mouton/}}

@online{47,
url = {https://openclassrooms.com/fr/}}

@online{48,
author = {Brown, Edward and Mann, Bruce},
year = {2001},
pages = {},
title = {Effects of Precomputer Website Framing on Student Recall and Knowledge Restructuring}
}

@online{49,
url = {https://robocode.sourceforge.io/}}

@online{50,
author = {O'Kelly, Jackie and Gibson, J. Paul},
year = {2006},
month = {01},
pages = {217-221},
title = {RoboCode \& problem-based learning: A non-prescriptive approach to teaching programming},
volume = {2006},
journal = {ITiCSE06 - Proceedings of the 11th Annual SIGCSE Conference on Innovation and Technology in Computer Science Education},
doi = {10.1145/1140124.1140182}
}

@online{51,
url = {https://github.com/robo-code/robocode/tree/master/robocode.samples/src/main/java/sample}}

@online{52,
author = {Matt Sayer},
year = {3rd October 2016},
url = {https://www.rockpapershotgun.com/2016/10/03/can-video-games-teach-you-programming/3/},
title = {Can Videogames Teach You Programming?}
}

@online{53,
author = { Dave Winer},
year = {February 27, 2013.}, 
url = {https://web.archive.org/web/20140108182547/http://threads2.scripting.com/2013/february/whyYouShouldLearnToCode},
title = {Why you should learn to code}}

@online{54,
url = {https://playnetcube.fr/solution-rubiks-cube-3x3/81-methode-debutant-facile/88-formules-algorithmes-premiere-face-croix-rubicube.html}}


@online{55,
url = {https://www.lci.fr/insolite/un-enfant-de-7-ans-reussit-un-rubiks-cube-en-27-secondes-dune-seule-main-1510794.html},
title = {Un enfant de 7 ans réussit un Rubik's Cube en 27 secondes... d'une seule main},
year = {17 mai 2016},
author = {Mathieu Sicard}}

@online{56,
url = {https://www.cnetfrance.fr/news/minecraft-depasse-tetris-et-devient-le-jeu-le-plus-vendu-au-monde-39884911.htm},
title = {Minecraft dépasse Tetris et devient le jeu le plus vendu au monde},
year = {21 mai 2019},
author = {Roch Arène}}

@online{57,
url = {https://code.org/minecraft}}

@online{58,
url = {https://www.youtube.com/watch?v=WdWcEtiTLes},
author = {Dunkel Baum},
year = {10 mai 2018},
title = {64 Bit Fibonacci Sequence Calculator in Minecraft}}

@online{59,
url = {https://minecraft.gamepedia.com/Crafting/Redstone},
title = {Crafting/Redstone}}

@online{60,
url = {https://www.youtube.com/watch?v=wgJfVRhotlQ},
title = {Minecraft Scientific/Graphing calculator - Sin Cos Tan Log Square root}}

@online{61,
url = {https://github.com/mangos/MaNGOS}}

@online{62,
url = {https://www.getmangos.eu/}}

@online{63,
url = {https://mangoszero-docs.readthedocs.io/en/latest/database/index.html}}

@online{64,
title = {Table Account MaNGOS},
url = {https://mangoszero-docs.readthedocs.io/en/latest/database/realm/account.html}}

@online{65,
title = {Table realmlist MaNGOS},
url = {https://mangoszero-docs.readthedocs.io/en/latest/database/realm/realmlist.html}}

@online{66,
url = {https://www.raspberrypi.org/}}

@online{67,
url = {https://raspbian-france.fr/installer-serveur-minecraft-raspberry-pi/},
title = {Installer un serveur Minecraft sur votre Raspberry Pi !},
year = {Mis à jour le 29 mai 2019}}

@online{68,
url = {https://thelackthereof.org/projects/ruby/sonic-pi/app/gui/qt/book/Sonic\%20Pi\%20-\%20Tutorial.html#tutorial_item_96},
author = {Sam Aaron}}

@online{69,
url = {https://cache.media.education.gouv.fr/file/CSP/41/0/2de_Sciences_numeriques_et_technologie_Ens-commun_1025410.pdf}}